<record><leader>00000cas a22000007a 4500</leader><controlfield tag="001">34182475</controlfield><controlfield tag="008">960213c19uu9999iauwr ne      0   a0eng c</controlfield><datafield ind1=" " ind2=" " tag="010"><subfield code="a">sn 96003206 </subfield></datafield><datafield ind1=" " ind2=" " tag="040"><subfield code="a">NSD</subfield><subfield code="b">eng</subfield><subfield code="c">NSD</subfield><subfield code="d">OCLCQ</subfield></datafield><datafield ind1=" " ind2=" " tag="012"><subfield code="m">1</subfield></datafield><datafield ind1="1" ind2=" " tag="022"><subfield code="a">1087-1152</subfield><subfield code="l">1087-1152</subfield><subfield code="2">1</subfield></datafield><datafield ind1=" " ind2=" " tag="032"><subfield code="a">188460</subfield><subfield code="b">USPS</subfield></datafield><datafield ind1=" " ind2=" " tag="037"><subfield code="b">The Fayette County Union, POB 153, West Union, Iowa 52175-0153</subfield></datafield><datafield ind1=" " ind2=" " tag="042"><subfield code="a">nsdp</subfield><subfield code="a">pcc</subfield></datafield><datafield ind1="0" ind2=" " tag="130"><subfield code="a">Fayette county union (West Union, Iowa : 1995)</subfield></datafield><datafield ind1=" " ind2="4" tag="222"><subfield code="a">The Fayette county union</subfield><subfield code="b">(1995)</subfield></datafield><datafield ind1="1" ind2="4" tag="245"><subfield code="a">The Fayette county union.</subfield></datafield><datafield ind1="3" ind2="0" tag="246"><subfield code="a">Union</subfield></datafield><datafield ind1=" " ind2=" " tag="260"><subfield code="a">West Union, Iowa :</subfield><subfield code="b">Fayette County Union</subfield></datafield><datafield ind1=" " ind2=" " tag="300"><subfield code="a">v.</subfield></datafield><datafield ind1=" " ind2=" " tag="310"><subfield code="a">Weekly</subfield></datafield><datafield ind1=" " ind2=" " tag="588"><subfield code="a">Description based on: Vol. 144, no. 49 (Dec. 6, 1995).</subfield></datafield><datafield ind1="0" ind2="0" tag="780"><subfield code="t">Union</subfield><subfield code="w">(DLC)sn 87058399</subfield><subfield code="w">(OCoLC)16067011</subfield></datafield></record>